@article{Cho:2014,
  title={Learning phrase representations using RNN encoder-decoder for statistical machine translation},
  author={Cho, Kyunghyun and Van Merri{\"e}nboer, Bart and Gulcehre, Caglar and Bahdanau, Dzmitry and Bougares, Fethi and Schwenk, Holger and Bengio, Yoshua},
  journal={arXiv preprint arXiv:1406.1078},
  year={2014}
}
@article{Li:2016,
  title={A persona-based neural conversation model},
  author={Li, Jiwei and Galley, Michel and Brockett, Chris and Spithourakis, Georgios P and Gao, Jianfeng and Dolan, Bill},
  journal={arXiv preprint arXiv:1603.06155},
  year={2016}
}
@inproceedings{Serban:2015,
  title={Building End-To-End Dialogue Systems Using Generative Hierarchical Neural Network Models.},
  author={Serban, Iulian Vlad and Sordoni, Alessandro and Bengio, Yoshua and Courville, Aaron C and Pineau, Joelle},
  booktitle={AAAI},
  pages={3776--3784},
  year={2016}
}
@article{Vaswani:2017,
  title={Attention Is All You Need},
  author={Vaswani, Ashish and Shazeer, Noam and Parmar, Niki and Uszkoreit, Jakob and Jones, Llion and Gomez, Aidan N. and Kaiser, Lukasz and Polosukhin, Illia},
  journal={arXiv preprint arXiv:1706.03762},
  year={2017}
}
@inproceedings{Danescu:2011,
  title={Chameleons in imagined conversations: A new approach to understanding coordination of linguistic style in dialogs},
  author={Danescu-Niculescu-Mizil, Cristian and Lee, Lillian},
  booktitle={Proceedings of the 2nd Workshop on Cognitive Modeling and Computational Linguistics},
  pages={76--87},
  year={2011},
  organization={Association for Computational Linguistics}
}
@misc{Cortana:2017,
  title={Cortana},
  author={Microsoft},
  howpublished={\url{https://www.microsoft.com/en-us/windows/cortana}},
  year={2017},
  note={Accessed: 2017-10-04}
}
@misc{Siri:2017,
  title={Siri},
  author={Apple},
  howpublished={\url{https://www.apple.com/ios/siri/}},
  year={2017},
  note={Accessed: 2017-10-04}
}
@misc{Google:2017,
  title={Google Assistant},
  author={Google},
  howpublished={\url{https://assistant.google.com/}},
  year={2017},
  note={Accessed: 2017-10-04}
}
@inproceedings{Tiedemann:2009,
  title={News from OPUS-A collection of multilingual parallel corpora with tools and interfaces},
  author={Tiedemann, J{\"o}rg},
  booktitle={Recent advances in natural language processing},
  volume={5},
  pages={237--248},
  year={2009}
}
@article{Serban:2017,
  title={A Deep Reinforcement Learning Chatbot},
  author={Serban, Iulian V and Sankar, Chinnadhurai and Germain, Mathieu and Zhang, Saizheng and Lin, Zhouhan and Subramanian, Sandeep and Kim, Taesup and Pieper, Michael and Chandar, Sarath and Ke, Nan Rosemary and others},
  journal={arXiv preprint arXiv:1709.02349},
  year={2017}
}
@article{Das:2017,
  title={Learning Cooperative Visual Dialog Agents with Deep Reinforcement Learning},
  author={Das, Abhishek and Kottur, Satwik and Moura, Jos{\'e} MF and Lee, Stefan and Batra, Dhruv},
  journal={arXiv preprint arXiv:1703.06585},
  year={2017}
}